@Article{AK02,
  Title                    = {Wireless sensor networks: a survey},
  Author                   = {I.F. Akyildiz and W. Su and Y. Sankarasubramaniam
 and E. Cayirci},
  Journal                  = {Computer Networks},
  Year                     = {2002},
  Number                   = {4},
  Pages                    = {393 - 422},
  Volume                   = {38},

  Doi                      = {http://dx.doi.org/10.1016/S1389-1286(01)00302-4},
  ISSN                     = {1389-1286},
  Keywords                 = {Wireless sensor networks},
  Url                      = {http://www.sciencedirect.com/science/article/pii/S1389128601003024}
}
